<record><leader>00000cas a2200000 a 4500</leader><controlfield tag="001">23448216</controlfield><controlfield tag="008">910410d19341940iluwr ne      0   a0eng c</controlfield><datafield ind1=" " ind2=" " tag="010"><subfield code="a">sn 91055976 </subfield></datafield><datafield ind1=" " ind2=" " tag="040"><subfield code="a">NVF</subfield><subfield code="b">eng</subfield><subfield code="c">NVF</subfield><subfield code="d">NVF</subfield><subfield code="d">OCLCQ</subfield><subfield code="d">OCLCF</subfield><subfield code="d">NVF</subfield><subfield code="d">OCLCO</subfield></datafield><datafield ind1="1" ind2=" " tag="029"><subfield code="a">AU@</subfield><subfield code="b">000020751189</subfield></datafield><datafield ind1=" " ind2=" " tag="042"><subfield code="a">pcc</subfield></datafield><datafield ind1=" " ind2=" " tag="043"><subfield code="a">n-us-il</subfield></datafield><datafield ind1="0" ind2="4" tag="245"><subfield code="a">The Gibson courier and Gibson City enterprise.</subfield></datafield><datafield ind1=" " ind2=" " tag="260"><subfield code="a">Gibson City, Ford County, Ill. :</subfield><subfield code="b">Gibson Courier Print. Co.,</subfield><subfield code="c">1934-1940.</subfield></datafield><datafield ind1=" " ind2=" " tag="300"><subfield code="a">v.</subfield></datafield><datafield ind1=" " ind2=" " tag="310"><subfield code="a">Weekly</subfield></datafield><datafield ind1="0" ind2=" " tag="362"><subfield code="a">61st year, no. 29 (May 17, 1934)-69th year, no. 9 (Dec. 26, 1940).</subfield></datafield><datafield ind1=" " ind2=" " tag="515"><subfield code="a">Continues the numbering of Gibson courier.</subfield></datafield><datafield ind1=" " ind2=" " tag="580"><subfield code="a">Formed by the union of: Gibson courier and: Gibson City enterprise.</subfield></datafield><datafield ind1=" " ind2="0" tag="651"><subfield code="a">Gibson City (Ill.)</subfield><subfield code="v">Newspapers.</subfield></datafield><datafield ind1=" " ind2="7" tag="651"><subfield code="a">Illinois</subfield><subfield code="z">Gibson City.</subfield><subfield code="2">fast</subfield><subfield code="0">(OCoLC)fst01217740</subfield></datafield><datafield ind1=" " ind2="7" tag="655"><subfield code="a">Newspapers.</subfield><subfield code="2">fast</subfield><subfield code="0">(OCoLC)fst01423814</subfield></datafield><datafield ind1=" " ind2=" " tag="752"><subfield code="a">United States</subfield><subfield code="b">Illinois</subfield><subfield code="c">Ford</subfield><subfield code="d">Gibson City.</subfield></datafield><datafield ind1="1" ind2="4" tag="780"><subfield code="t">Gibson courier</subfield><subfield code="w">(DLC)sn 91055974</subfield><subfield code="w">(OCoLC)23448077</subfield></datafield><datafield ind1="1" ind2="4" tag="780"><subfield code="t">Gibson City enterprise</subfield></datafield><datafield ind1="0" ind2="0" tag="785"><subfield code="t">Gibson City courier (Gibson City, Ill. : 1941)</subfield><subfield code="w">(DLC)sn 91055977</subfield><subfield code="w">(OCoLC)23448272</subfield></datafield></record>